{"id":"gen8battlestadiumsingles-2071502290","format":"[Gen 8] Battle Stadium Singles","players":["magolor kirby","Yunanan"],"log":"|j|\u2606magolor kirby\n|j|\u2606Yunanan\n|t:|1709344655\n|gametype|singles\n|player|p1|magolor kirby|dawn|\n|player|p2|Yunanan|acetrainerf|\n|teamsize|p1|6\n|teamsize|p2|6\n|gen|8\n|tier|[Gen 8] Battle Stadium Singles\n|rule|Species Clause: Limit one of each Pok\u00e9mon\n|rule|Item Clause: Limit one of each item\n|clearpoke\n|poke|p1|Zapdos, L50|\n|poke|p1|Cinderace, L50, M|\n|poke|p1|Porygon2, L50|\n|poke|p1|Landorus-Therian, L50, M|\n|poke|p1|Tapu Fini, L50|\n|poke|p1|Urshifu-*, L50, M|\n|poke|p2|Galvantula, L50, M|\n|poke|p2|Lapras, L50, F|\n|poke|p2|Landorus-Therian, L50, M|\n|poke|p2|Cinccino, L50, F|\n|poke|p2|Dragapult, L50, M|\n|poke|p2|Tapu Lele, L50|\n|teampreview|3\n|inactive|Battle timer is ON: inactive players will automatically lose when time's up. (requested by Yunanan)\n|\n|t:|1709344679\n|start\n|switch|p1a: Zapdos|Zapdos, L50|100\/100\n|switch|p2a: Galvantula|Galvantula, L50, M|100\/100\n|turn|1\n|\n|t:|1709344685\n|move|p2a: Galvantula|Sticky Web|p1a: Zapdos\n|-sidestart|p1: magolor kirby|move: Sticky Web\n|move|p1a: Zapdos|Heat Wave|p2a: Galvantula\n|-supereffective|p2a: Galvantula\n|-enditem|p2a: Galvantula|Focus Sash\n|-damage|p2a: Galvantula|1\/100\n|\n|upkeep\n|turn|2\n|\n|t:|1709344694\n|-start|p1a: Zapdos|Dynamax|\n|-heal|p1a: Zapdos|100\/100|[silent]\n|move|p2a: Galvantula|Thunder|p1a: Zapdos\n|-damage|p1a: Zapdos|71\/100\n|move|p1a: Zapdos|Max Airstream|p2a: Galvantula\n|-damage|p2a: Galvantula|0 fnt\n|-boost|p1a: Zapdos|spe|1\n|faint|p2a: Galvantula\n|\n|upkeep\n|\n|t:|1709344697\n|switch|p2a: Tapu Lele|Tapu Lele, L50|100\/100\n|-fieldstart|move: Psychic Terrain|[from] ability: Psychic Surge|[of] p2a: Tapu Lele\n|-enditem|p2a: Tapu Lele|Psychic Seed\n|-boost|p2a: Tapu Lele|spd|1|[from] item: Psychic Seed\n|turn|3\n|\n|t:|1709344703\n|move|p1a: Zapdos|Max Lightning|p2a: Tapu Lele\n|-damage|p2a: Tapu Lele|64\/100\n|-fieldstart|move: Electric Terrain\n|move|p2a: Tapu Lele|Calm Mind|p2a: Tapu Lele\n|-boost|p2a: Tapu Lele|spa|1\n|-boost|p2a: Tapu Lele|spd|1\n|\n|upkeep\n|turn|4\n|\n|t:|1709344721\n|move|p1a: Zapdos|Max Lightning|p2a: Tapu Lele\n|-damage|p2a: Tapu Lele|39\/100\n|move|p2a: Tapu Lele|Calm Mind|p2a: Tapu Lele\n|-boost|p2a: Tapu Lele|spa|1\n|-boost|p2a: Tapu Lele|spd|1\n|\n|upkeep\n|-end|p1a: Zapdos|Dynamax\n|-heal|p1a: Zapdos|71\/100|[silent]\n|turn|5\n|\n|t:|1709344729\n|move|p1a: Zapdos|Discharge|p2a: Tapu Lele\n|-damage|p2a: Tapu Lele|26\/100\n|-status|p2a: Tapu Lele|par\n|cant|p2a: Tapu Lele|par\n|\n|upkeep\n|turn|6\n|\n|t:|1709344736\n|move|p1a: Zapdos|Hurricane|p2a: Tapu Lele|[miss]\n|-miss|p1a: Zapdos|p2a: Tapu Lele\n|move|p2a: Tapu Lele|Draining Kiss|p1a: Zapdos\n|-damage|p1a: Zapdos|24\/100\n|-heal|p2a: Tapu Lele|60\/100 par|[from] drain|[of] p1a: Zapdos\n|-damage|p2a: Tapu Lele|43\/100 par|[from] item: Rocky Helmet|[of] p1a: Zapdos\n|\n|upkeep\n|turn|7\n|c|\u2606Yunanan|\u9ebb\u75fa\u3084\u3081\u3066\uff1f\n|c|\u2606magolor kirby|hehhehhe\n|\n|t:|1709344752\n|-start|p2a: Tapu Lele|Dynamax|\n|-heal|p2a: Tapu Lele|43\/100 par|[silent]\n|move|p1a: Zapdos|Hurricane|p2a: Tapu Lele\n|-damage|p2a: Tapu Lele|36\/100 par\n|-start|p2a: Tapu Lele|confusion\n|-activate|p2a: Tapu Lele|confusion\n|move|p2a: Tapu Lele|Max Mindstorm|p1a: Zapdos\n|-damage|p1a: Zapdos|0 fnt\n|-fieldstart|move: Psychic Terrain\n|faint|p1a: Zapdos\n|\n|upkeep\n|\n|t:|1709344765\n|switch|p1a: Landorus|Landorus-Therian, L50, M|100\/100\n|-ability|p1a: Landorus|Intimidate|boost\n|-unboost|p2a: Tapu Lele|atk|1\n|turn|8\n|\n|t:|1709344779\n|move|p1a: Landorus|Fly||[still]\n|-prepare|p1a: Landorus|Fly\n|-activate|p2a: Tapu Lele|confusion\n|cant|p2a: Tapu Lele|par\n|\n|upkeep\n|turn|9\n|\n|t:|1709344783\n|move|p1a: Landorus|Fly|p2a: Tapu Lele|[from]lockedmove\n|-damage|p2a: Tapu Lele|11\/100 par\n|-activate|p2a: Tapu Lele|confusion\n|cant|p2a: Tapu Lele|par\n|\n|upkeep\n|-end|p2a: Tapu Lele|Dynamax\n|-heal|p2a: Tapu Lele|11\/100 par|[silent]\n|turn|10\n|\n|t:|1709344791\n|move|p1a: Landorus|Earthquake|p2a: Tapu Lele\n|-damage|p2a: Tapu Lele|0 fnt\n|faint|p2a: Tapu Lele\n|\n|upkeep\n|\n|t:|1709344793\n|switch|p2a: Cinccino|Cinccino, L50, F|100\/100\n|turn|11\n|\n|t:|1709344797\n|switch|p1a: Porygon2|Porygon2, L50|100\/100\n|-activate|p1a: Porygon2|move: Sticky Web\n|-unboost|p1a: Porygon2|spe|1\n|-ability|p1a: Porygon2|Skill Link|[from] ability: Trace|[of] p2a: Cinccino\n|move|p2a: Cinccino|Triple Axel|p1a: Porygon2\n|-damage|p1a: Porygon2|96\/100\n|-damage|p1a: Porygon2|89\/100\n|-damage|p1a: Porygon2|78\/100\n|-hitcount|p1a: Porygon2|3\n|\n|-fieldend|move: Psychic Terrain\n|upkeep\n|turn|12\n|\n|t:|1709344803\n|move|p2a: Cinccino|Tail Slap|p1a: Porygon2\n|-damage|p1a: Porygon2|70\/100\n|-damage|p1a: Porygon2|62\/100\n|-damage|p1a: Porygon2|54\/100\n|-damage|p1a: Porygon2|47\/100\n|-damage|p1a: Porygon2|40\/100\n|-hitcount|p1a: Porygon2|5\n|move|p1a: Porygon2|Tri Attack|p2a: Cinccino\n|-damage|p2a: Cinccino|52\/100\n|\n|upkeep\n|turn|13\n|\n|t:|1709344807\n|move|p2a: Cinccino|Tail Slap|p1a: Porygon2\n|-damage|p1a: Porygon2|32\/100\n|-damage|p1a: Porygon2|24\/100\n|-crit|p1a: Porygon2\n|-damage|p1a: Porygon2|11\/100\n|-damage|p1a: Porygon2|4\/100\n|-damage|p1a: Porygon2|0 fnt\n|faint|p1a: Porygon2\n|-hitcount|p1: Porygon2|5\n|\n|upkeep\n|\n|t:|1709344809\n|switch|p1a: Landorus|Landorus-Therian, L50, M|100\/100\n|-ability|p1a: Landorus|Intimidate|boost\n|-unboost|p2a: Cinccino|atk|1\n|turn|14\n|\n|t:|1709344812\n|move|p2a: Cinccino|Triple Axel|p1a: Landorus\n|-supereffective|p1a: Landorus\n|-damage|p1a: Landorus|81\/100\n|-supereffective|p1a: Landorus\n|-damage|p1a: Landorus|44\/100\n|-supereffective|p1a: Landorus\n|-damage|p1a: Landorus|0 fnt\n|faint|p1a: Landorus\n|-hitcount|p1: Landorus|3\n|\n|win|Yunanan\n|c|\u2606magolor kirby|\u304a\u3057\u3044\u306a\u3042\n|c|\u2606magolor kirby|\u3042\u307e\u3048\u3061\u3083\u3063\u305f\n|c|\u2606Yunanan|\u3084\u3063\u3071\u308a\u30c1\u30e9\u30c1\u30fc\u30ce\u5f37\u3044\u308f\n|c|\u2606magolor kirby|\u305f\u3044\u3042\u308a\u3067\u3059\n|c|\u2606Yunanan|\u3053\u3061\u3089\u3053\u305d\u3042\u308a\u304c\u3068\u3046\u3054\u3056\u3044\u307e\u3059.\u141f\n|l|\u2606Yunanan\n|player|p2|\n|j|\u2606Yunanan\n|player|p2|Yunanan|acetrainerf\n|l|\u2606Yunanan\n|player|p2|\n|j|\u2606Yunanan\n|player|p2|Yunanan|acetrainerf\n","uploadtime":1709344887,"views":8,"formatid":"gen8battlestadiumsingles","rating":null,"private":0,"password":null}